@article{Hayes:2008:CC:1364782.1364786,
 author = {Hayes, Brian},
 title = {Cloud computing},
 journal = {Commun. ACM},
 issue_date = {July 2008},
 volume = {51},
 number = {7},
 Xmonth = jul,
 year = {2008},
 issn = {0001-0782},
 pages = {9--11},
 numpages = {3},
 url = {http://doi.acm.org/10.1145/1364782.1364786},
 doi = {10.1145/1364782.1364786},
 acmid = {1364786},
 publisher = {ACM},
 address = {New York, NY, USA},
} 

@article{Creeger:2009:CCO:1551644.1554608,
 title = {Cloud Computing: An Overview},
 journal = {Queue},
 issue_date = {June 2009},
 volume = {7},
 number = {5},
 Xmonth = jun,
 year = {2009},
 issn = {1542-7730},
 pages = {2:3--2:4},
 articleno = {2},
 numpages = {2},
 url = {http://doi.acm.org/10.1145/1551644.1554608},
 doi = {10.1145/1551644.1554608},
 acmid = {1554608},
 publisher = {ACM},
 address = {New York, NY, USA},
} 


@article{Armbrust:2010:VCC:1721654.1721672,
 author = {Armbrust, Michael and Fox, Armando and Griffith, Rean and Joseph, Anthony D. and Katz, Randy and Konwinski, Andy and Lee, Gunho and Patterson, David and Rabkin, Ariel and Stoica, Ion and Zaharia, Matei},
 title = {A view of cloud computing},
 journal = {Commun. ACM},
 issue_date = {April 2010},
 volume = {53},
 number = {4},
 Xmonth = apr,
 year = {2010},
 issn = {0001-0782},
 pages = {50--58},
 numpages = {9},
 url = {http://doi.acm.org/10.1145/1721654.1721672},
 doi = {10.1145/1721654.1721672},
 acmid = {1721672},
 publisher = {ACM},
 address = {New York, NY, USA},
} 

@article{Kamoun:2009:VDW:1595422.1595424,
 author = {Kamoun, Faouzi},
 title = {Virtualizing the Datacenter Without Compromising Server Performance},
 journal = {Ubiquity},
 volume = {2009},
 number = {August},
 Xmonth = aug,
 year = {2009},
 issn = {1530-2180},
 articleno = {2},
 url = {http://doi.acm.org/10.1145/1595422.1595424},
 doi = {10.1145/1595422.1595424},
 acmid = {1595424},
 publisher = {ACM},
 address = {New York, NY, USA},
} 

@article{Hao:2010:EDC:1672308.1672322,
 author = {Hao, Fang and Lakshman, T. V. and Mukherjee, Sarit and Song, Haoyu},
 title = {Enhancing dynamic cloud-based services using network virtualization},
 journal = {SIGCOMM Comput. Commun. Rev.},
 issue_date = {January 2010},
 volume = {40},
 number = {1},
 month = jan,
 year = {2010},
 issn = {0146-4833},
 pages = {67--74},
 numpages = {8},
 url = {http://doi.acm.org/10.1145/1672308.1672322},
 doi = {10.1145/1672308.1672322},
 acmid = {1672322},
 publisher = {ACM},
 address = {New York, NY, USA},
 keywords = {data center, virtualization, vm migration},
} 

@inproceedings{Carapinha:2009:NVV:1592648.1592660,
 author = {Carapinha, Jorge and Jim{\'e}nez, Javier},
 title = {Network virtualization: a view from the bottom},
 booktitle = {Proceedings of the 1st ACM workshop on Virtualized infrastructure systems and architectures},
 series = {VISA '09},
 year = {2009},
 isbn = {978-1-60558-595-6},
 location = {Barcelona, Spain},
 pages = {73--80},
 numpages = {8},
 url = {http://doi.acm.org/10.1145/1592648.1592660},
 doi = {10.1145/1592648.1592660},
 acmid = {1592660},
 publisher = {ACM},
 address = {New York, NY, USA},
 keywords = {network virtualization, resource management},
} 

@misc{website:microsoft-vt,
      author = "Microsoft",
      title = "Virtualization and Management",
      url = {"http://www.microsoft.com/en-us/server-cloud/datacenter/virtualization.aspx"}
}

@misc{website:redhat-vt,
      title = "Red Hat Enterprise Virtualization",
      url = {"http://www.redhat.com/products/virtualization/"}
}

@misc{website:oracle-vt,
      title = {Oracle Virtualization},
      url = {http://www.oracle.com/us/technologies/virtualization/overview/index.html}
}

